@book{1922PID,
  title={Journal of the American Society of Naval Engineers, Inc},
  author={American Society of Naval Engineers},
  volume={42},
  year={1922},
  publisher={American Society of Naval Engineers.}
}

@inproceedings{deulkar2020analysis,
  title={Analysis of PSO-PID controller for CSTR temperature control},
  author={Deulkar, Pratyush and Hanwate, Sandeep},
  booktitle={2020 IEEE First International Conference on Smart Technologies for Power, Energy and Control (STPEC)},
  pages={1--6},
  year={2020},
  organization={IEEE}
}

@article{propoi1963useof,
  title={Useof LP Methodsfor SynthesizingSampled-DataAutomatic Systems'},
  author={Propoi, AI},
  journal={Automn RemoteCOntrol},
  volume={24},
  year={1963}
}

@article{alba2000control,
  title={Control Predictivo: metodolog{\i}a, tecnolog{\i}a y nuevas perspectivas},
  author={Alba, Carlos Bord{\'o}ns and en Automatica, I Curso de Especializacion},
  journal={Universidad de Sevilla, Aguadulce, Almer{\i}a},
  year={2000}
}

@article{lacerda2020sysidentpy,
  title={Sysidentpy: A python package for system identification using narmax models},
  author={Lacerda, Wilson Rocha and da Andrade, Luan Pascoal Costa and Oliveira, Samuel Carlos Pessoa and Martins, Samir Angelo Milani},
  journal={Journal of Open Source Software},
  volume={5},
  number={54},
  pages={2384},
  year={2020}
}

@book{ogata2010engenharia,
  title={Engenharia de controle moderno},
  author={Ogata and Katsuhiko},
  year={2010},
  publisher={Prentice Hall do Brasil},
  edition={5}
}


@book{castrucci2011controle,
  title={Controle Automático},
  author={Castrucci, Plínio Benedicto de Lauro and Bittar, Anselmo and Sales, Roberto Moura},
  year={2011},
  publisher={LTC},
  edition={1}
}

@article{kafetzis2017inverted,
  title={Inverted Pendulum: A system with innumerable applications},
  author={Kafetzis, Ioannis and Moysis, Lazaros},
  journal={School of Mathematical Sciences},
  year={2017},
  publisher={Aristotle University of Thessaloniki}
}

@mastersthesis{prata2020,
  title={Controle Preditivo Baseado em Modelo (MPC) aplicado a uma planta did{\'a}tica},
  author={Prata, Tiago Correa},
  year={2020},
  publisher={IFSP},
  school={Instituto Federal de S{\~a}o Paulo }
}

@mastersthesis{taketa2018,
  title={Aplica{\c{c}}{\~a}o do controle preditivo generalizado em sistemas mec{\^a}nicos},
  author={Taketa, Erik and others},
  year={2018},
  school={Universidade Tecnol{\'o}gica Federal do Paran{\'a}}
}

@book{aguirre2004,
  title={Introdu{\c{c}}{\~a}o {\`a} identifica{\c{c}}{\~a}o de sistemas--T{\'e}cnicas lineares e n{\~a}o-lineares aplicadas a sistemas reais},
  author={Aguirre, Luis Antonio},
  year={2004},
  publisher={Editora UFMG}
}

@book{camacho2004,
  title={Model Predictive Control},
  author={Camacho, Eduardo F and Bordons, Carlos and Camacho, Eduardo F and Bordons, Carlos},
  year={2004},
  publisher={Springer}
}

@article{mpc2020,
  title={Tuning guidelines for model-predictive control},
  author={Alhajeri, Mohammed and Soroush, Masoud},
  journal={Industrial \& Engineering Chemistry Research},
  volume={59},
  number={10},
  pages={4177--4191},
  year={2020},
  publisher={ACS Publications}
}

@article{GPC1,
  title={Generalized predictive control—Part I. The basic algorithm},
  author={Clarke, David W and Mohtadi, Coorous and Tuffs, P Simon},
  journal={Automatica},
  volume={23},
  number={2},
  pages={137--148},
  year={1987},
  publisher={Elsevier}
}

@article{GPC2,
  title={Generalized predictive control—Part II extensions and interpretations},
  author={Clarke, David W and Mohtadi, Coorous and Tuffs, P Simon},
  journal={Automatica},
  volume={23},
  number={2},
  pages={149--160},
  year={1987},
  publisher={Elsevier}
}

@article{cartpole,
  title={Neuronlike adaptive elements that can solve difficult learning control problems},
  author={Barto, Andrew G and Sutton, Richard S and Anderson, Charles W},
  journal={IEEE transactions on systems, man, and cybernetics},
  number={5},
  pages={834--846},
  year={1983},
  publisher={IEEE}
}

@misc{gymcartpole,
	Author = {{Barto, Sutton e Anderson}},
	Howpublished = {Online},
	Title = {CartPole},
	Url = {https://gymnasium.farama.org/environments/classic_control/cart_pole/},
	Year = {2023},
	note={[Acesso em setembro 2023]}
}

@misc{gymlunarlander,
	Author = {{Oleg Klimov}},
	Howpublished = {Online},
	Title = {LunarLander},
	Url = {https://gymnasium.farama.org/environments/box2d/lunar_lander/},
	Year = {2023},
	note={[Acesso em novembro 2023]}
}

@misc{cpepid,
	Author = {{Ethan Roberts}},
	Howpublished = {Online},
	Title = {Using PID to Cheat an OpenAI Challenge},
	Url = {https://ethanr2000.medium.com/using-pid-to-cheat-an-openai-challenge-f17745226449},
	Year = {2021},
	note={[Acesso em setembro 2023]}
}


@misc{ecpid,
	Author = {{William Fleshman}},
	Howpublished = {Online},
	Title = {PID\_Control},
	Url = {https://github.com/wfleshman/PID_Control},
	Year = {2017},
	note={[Acesso em janeiro 2024]}
}


@misc{llpid,
	Author = {{Piyush Makhija}},
	Howpublished = {Online},
	Title = {LunarLander\_OpenAIGym},
	Url = {https://github.com/piyushmakhija5/LunarLander_OpenAIGym},
	Year = {2017},
	note={[Acesso em novembro 2023]}
}


@misc{hill,
	Author = {{ Alvaro Leandro Cavalcante Carneiro}},
	Howpublished = {Online},
	Title = {Algoritmos de otimização: Hill Climbing e Simulated Annealing},
	Url = {https://medium.com/data-hackers/algoritmos-de-otimiza%C3%A7%C3%A3o-hill-climbing-e-simulated-annealing-3803061f66f0},
	Year = {2020},
	note={[Acesso em dezembro 2023]}
}

@article{gekko,
title={GEKKO Optimization Suite},
author={Beal, Logan and Hill, Daniel and Martin, R and Hedengren, John},
journal={Processes},
volume={6},
number={8},
pages={106},
year={2018},
doi={10.3390/pr6080106},
publisher={Multidisciplinary Digital Publishing Institute}}

@article{nelles,
  title={Nonlinear system identification: from classical approaches to neural networks and fuzzy models},
  author={Oliver, Nelles},
  journal={Ch},
  volume={11},
  number={4},
  pages={294--296},
  year={2001}
}